<record><leader>00000cas a22000007a 4500</leader><controlfield tag="001">454364118</controlfield><controlfield tag="008">091008d20092012mnuwr ne      0   a0eng c</controlfield><datafield ind1=" " ind2=" " tag="010"><subfield code="a">  2011204422</subfield></datafield><datafield ind1=" " ind2=" " tag="040"><subfield code="a">MHS</subfield><subfield code="b">eng</subfield><subfield code="c">MHS</subfield><subfield code="d">MHS</subfield><subfield code="d">DLC</subfield><subfield code="d">OCLCF</subfield></datafield><datafield ind1=" " ind2=" " tag="012"><subfield code="m">d</subfield></datafield><datafield ind1="0" ind2=" " tag="022"><subfield code="a">2160-6749</subfield><subfield code="2">1</subfield></datafield><datafield ind1=" " ind2=" " tag="037"><subfield code="b">East Otter Tail Focus, P.O. Box 288, Perham, MN 56573</subfield></datafield><datafield ind1=" " ind2=" " tag="042"><subfield code="a">pcc</subfield><subfield code="a">nsdp</subfield></datafield><datafield ind1=" " ind2=" " tag="043"><subfield code="a">n-us-mn</subfield></datafield><datafield ind1="1" ind2="0" tag="050"><subfield code="a">ISSN RECORD</subfield></datafield><datafield ind1=" " ind2=" " tag="052"><subfield code="a">4143</subfield><subfield code="b">O6</subfield></datafield><datafield ind1=" " ind2=" " tag="052"><subfield code="a">4144</subfield><subfield code="b">N43</subfield><subfield code="b">P35</subfield></datafield><datafield ind1="1" ind2="0" tag="082"><subfield code="a">070</subfield><subfield code="2">14</subfield></datafield><datafield ind1=" " ind2="0" tag="222"><subfield code="a">East Otter Tail focus</subfield></datafield><datafield ind1="0" ind2="0" tag="245"><subfield code="a">East Otter Tail focus.</subfield></datafield><datafield ind1="3" ind2="0" tag="246"><subfield code="a">Focus</subfield></datafield><datafield ind1="1" ind2=" " tag="246"><subfield code="i">Title in publisher's block:</subfield><subfield code="a">EOT focus</subfield></datafield><datafield ind1=" " ind2=" " tag="260"><subfield code="a">Perham, MN :</subfield><subfield code="b">East Otter Tail Focus,</subfield><subfield code="c">2009-</subfield></datafield><datafield ind1=" " ind2=" " tag="300"><subfield code="a">v. :</subfield><subfield code="b">ill.</subfield></datafield><datafield ind1=" " ind2=" " tag="310"><subfield code="a">Weekly.</subfield></datafield><datafield ind1="0" ind2=" " tag="362"><subfield code="a">Year 128, issue 40 (Oct. 1, 2009)-</subfield></datafield><datafield ind1="1" ind2=" " tag="362"><subfield code="a">Ceased in 2012.</subfield></datafield><datafield ind1=" " ind2=" " tag="500"><subfield code="a">"Serving the communities of Perham, New York Mills and the surrounding area."</subfield></datafield><datafield ind1=" " ind2=" " tag="580"><subfield code="a">Merger of: Perham enterprise and bulletin, and: New York Mills herald.</subfield></datafield><datafield ind1=" " ind2="0" tag="651"><subfield code="a">Perham (Minn.)</subfield><subfield code="v">Newspapers.</subfield></datafield><datafield ind1=" " ind2="0" tag="651"><subfield code="a">New York Mills (Minn.)</subfield><subfield code="v">Newspapers.</subfield></datafield><datafield ind1=" " ind2="0" tag="651"><subfield code="a">Otter Tail County (Minn.)</subfield><subfield code="v">Newspapers.</subfield></datafield><datafield ind1=" " ind2="7" tag="655"><subfield code="a">Newspapers.</subfield><subfield code="2">fast</subfield><subfield code="0">(OCoLC)fst01423814</subfield></datafield><datafield ind1=" " ind2="7" tag="651"><subfield code="a">Minnesota</subfield><subfield code="z">New York Mills.</subfield><subfield code="2">fast</subfield><subfield code="0">(OCoLC)fst01221979</subfield></datafield><datafield ind1=" " ind2="7" tag="651"><subfield code="a">Minnesota</subfield><subfield code="z">Otter Tail County.</subfield><subfield code="2">fast</subfield><subfield code="0">(OCoLC)fst01213187</subfield></datafield><datafield ind1=" " ind2="7" tag="651"><subfield code="a">Minnesota</subfield><subfield code="z">Perham.</subfield><subfield code="2">fast</subfield><subfield code="0">(OCoLC)fst01253881</subfield></datafield><datafield ind1=" " ind2=" " tag="752"><subfield code="a">United States</subfield><subfield code="b">Minnesota</subfield><subfield code="c">Otter Tail</subfield><subfield code="d">Perham.</subfield></datafield><datafield ind1="1" ind2="4" tag="780"><subfield code="t">Perham enterprise and bulletin</subfield><subfield code="w">(OCoLC)1695207</subfield></datafield><datafield ind1="1" ind2="4" tag="780"><subfield code="t">New York Mills herald</subfield><subfield code="w">(OCoLC)1760092</subfield></datafield><datafield ind1="0" ind2="0" tag="785"><subfield code="t">Perham focus</subfield><subfield code="x">2326-2524</subfield><subfield code="w">(DLC)  2013201025</subfield><subfield code="w">(OCoLC)824512328</subfield></datafield></record>